

@article{zhu2010impact,
  title={Impact of online consumer reviews on sales: The moderating role of product and consumer characteristics},
  author={Zhu, Feng and Zhang, Xiaoquan},
  journal={Journal of marketing},
  volume={74},
  number={2},
  pages={133--148},
  year={2010},
  publisher={American Marketing Association}
}

@article{gil2009weblogs,
  title={Weblogs, traditional sources online and political participation: An assessment of how the Internet is changing the political environment},
  author={Gil de Z{\'u}{\~n}iga, Homero and Puig-i-Abril, Eulalia and Rojas, Hernando},
  journal={New media \& society},
  volume={11},
  number={4},
  pages={553--574},
  year={2009},
  publisher={SAGE Publications Sage UK: London, England}
}

@article{hoffman2008online,
  title={Online reputation management is hotâ€”but is it ethical},
  author={Hoffman, Thomas},
  journal={Computerworld, February},
  pages={1--4},
  year={2008}
}

@article{pang2008opinion,
  title={Opinion mining and sentiment analysis},
  author={Pang, Bo and Lee, Lillian and others},
  journal={Foundations and Trends{\textregistered} in Information Retrieval},
  volume={2},
  number={1--2},
  pages={1--135},
  year={2008},
  publisher={Now Publishers, Inc.}
}